%% This BibTeX bibliography file was created using BibDesk.
%% http://bibdesk.sourceforge.net/

%% Created for Roie Black at 2017-12-14 14:01:08 -0600 


%% Saved with string encoding Unicode (UTF-8) 



@book{Amdahl:1991,
	Author = {Kenn Amdahl},
	Date-Added = {2018-2-5 19:58:33 +0000},
	Date-Modified = {2018-2-5 20:01:08 +0000},
	Isbn = {0-9627815-9-2},
	Publisher = {Clearwater Publishing},
	Rating = {3},
	Title = {There Are No Electrons: Electronics For Earthlings},
	Year = {1991}}

@book{Stipp:2017,
	Author = {David Stipp},
	Date-Added = {2018-2-5 19:58:33 +0000},
	Date-Modified = {2018-2-5 20:01:08 +0000},
	Isbn = {978-0-465-09377-9},
	Publisher = {Basic Books},
	Rating = {3},
	Title = {A Most Elegant Equation},
	Year = {2017}}

@book{Hawking:2007,
	Date-Added = {2017-11-08 13:24:14 +0000},
	Date-Modified = {2017-11-08 13:28:03 +0000},
	Editor = {Stephen Hawking},
	Isbn = {9-780762-430048},
	Publisher = {Running Press Book Publishers},
	Title = {God Created the Integers},
	Year = {2007}}

@book{Schultz:2007,
	Author = {Kim Schultz},
	Isbn = {978-1-847190-93-2},
	Publisher = {PACKT},
	Title = {Hacking Vim},
	Year = 2007}

@book{Patterson:2017,
	Author = {David Patterson and John Hennessy},
	Isbn = {978-0-12-801733-3},
	Publisher = {Morgan Kaufmann},
	Title = {Computer Organiation and Design},
	Edition = {ARM Edition},
	Year = 2017}

@proceedings{Soon:2000,
	Author = {Cheng Soon Ong and Fadhli Wong and Weng Kin Lai},
	Journal = {Real Time Technology and Applications Symposium},
	Title = {A High Resolution Performance Monitoring Software on the Pentium},
	Year = 2000}

@book{Boole:1854,
	Author = {George Boole},
	Publisher = {Philosophical Library},
	Title = {An Investigation of the Laws of Thought, on Which Are Founded the Mathematical Theories of Logic and Probabilities},
	Year = {1854}}

@book{Hofstadter:1999,
	Author = {Hofstadter, D.R.},
	Isbn = {9780465026562},
	Publisher = {Basic Books},
	Series = {Basic Books},
	Title = {Godel, Escher, Bach: An Eternal Golden Braid},
	Url = {https://books.google.com/books?id=aFcsnUEewLkC},
	Year = {1999},
	Bdsk-Url-1 = {https://books.google.com/books?id=aFcsnUEewLkC}}

@misc{DictRef1,
	Author = {Dictionary.com},
	Title = {definition:simulation},
	Url = {http://www.dictionary.com/browse/simulation},
	Year = 2017,
	Bdsk-Url-1 = {http://www.dictionary.com/browse/simulation}}

@misc{DictRef2,
	Author = {Dictionary.com},
	Title = {definition:emulation},
	Url = {http://www.dictionary.com/browse/emulation},
	Year = 2017,
	Bdsk-Url-1 = {http://www.dictionary.com/browse/emulation}}

@misc{DictRef3,
	Author = {Dictionary.com},
	Title = {definition:memory},
	Url = {https://en.wikipedia.org/wiki/Computer_memory},
	Year = 2017,
	Bdsk-Url-1 = {https://en.wikipedia.org/wiki/Computer_memory}}

@misc{DictRef4,
	Author = {Dictionary.com},
	Title = {definition:byte},
	Url = {https://en.wikipedia.org/wiki/Byte},
	Year = 2017,
	Bdsk-Url-1 = {https://en.wikipedia.org/wiki/Byte}}

@misc{DictRef5,
	Author = {Dictionary.com},
	Title = {definition:address},
	Url = {https://en.wikipedia.org/wiki/Address},
	Year = 2017,
	Bdsk-Url-1 = {https://en.wikipedia.org/wiki/Address}}

@misc{DictRef6,
	Author = {Dictionary.com},
	Title = {definition:hertz},
	Url = {https://en.wikipedia.org/wiki/Hertz},
	Year = 2017,
	Bdsk-Url-1 = {https://en.wikipedia.org/wiki/Hertz}}

@misc{DictRef7,
	Author = {Dictionary.com},
	Title = {definition:cray},
	Url = {https://en.wikipedia.org/wiki/Seymour_Cray},
	Year = 2017,
	Bdsk-Url-1 = {https://en.wikipedia.org/wiki/Seymour_Cray}}

@book{Diller:1990,
	Author = {Anthony Diller},
	Isbn = {0-71-92489-zx},
	Publisher = {Wiley},
	Title = {Z An Introduction to Formal Specifications},
	Year = 1990}

@book{Barden:1994,
	Author = {Rosalind Barden and Susan Stepney and David Cooper},
	Isbn = {0-13-124934-7},
	Publisher = {Prentice Hall},
	Title = {Z in Practice},
	Year = 1994}

@book{Reeves:1990,
	Author = {Steve Reeves and Michael Clarke},
	Isbn = {0-201-41643-3},
	Publisher = {Addison-Wesley},
	Title = {Logic for Computer Science},
	Year = 1990}

@book{Wirth:1976,
	Author = {Niklaus Wirth},
	Isbn = {978-0-13-022418-7},
	Publisher = {Prentice Hall},
	Title = {Algorithms \+ Data Structures \= Programs},
	Year = 1976}

@proceedings{Wirth:1977,
    Author = {Niklaus Wirth},
    Journal={Communications of the Association of Computing Machinery},
    Title={What can we do about the unnecessary diversity in syntatic definitions?},
    Year=1977}
    